@article{BGK,
title= "A Model for Collision Processes in Gases. I. Small Amplitude Processes in Charged and Neutral One-Component Systems",
journal = "Physical Review",
volume = "94",
year = "1954",
issn = "3",
doi = "10.1103/PhysRev.94.511",
pages = "511-525",
author ="P.L. Bhatnagar, E.P. Gross, M. Krook"
}
@Booklet{OpenFrameworks,
title = {openframeworks.cc},
OPTkey = ZZZ,
OPTauthor = URL,
OPThowpublished = {•},
OPTaddress = {•},
OPTmonth = {•},
OPTyear = {•},
OPTnote = {•},
OPTannote = {•}
}

@article{MRT,
title= "Theory of the lattice Boltzmann method: Dispersion, dissipation, isotropy, Galilean invariance, and stability",
journal = "Physical Review E",
volume = "61",
year = "2000",
issn = "6",
doi = "http://dx.doi.org/10.1103/PhysRevE.61.6546",
pages = "6546-6562",
author ="P. Lallemand, L. Luo"
}

@Book{sukop,
author = {Michael C.Sukop},
title = {Lattice Boltzmann Modeling, An Introduction for Geoscientists and Engineers},
publisher = {Springer},
year = {2006},
OPTkey = {•},
OPTvolume = {•},
OPTnumber = {•},
OPTseries = {•},
OPTaddress = {•},
OPTedition = {•},
OPTmonth = {•},
OPTnote = {•},
OPTannote = {•}
}

@BOOK{huang,
    AUTHOR="Huang, K.",
    TITLE="Statistical Mechanics, $2^{nd}$ ed.",
    PUBLISHER="John Wiley \& Sons",
    YEAR=1987,
    ADDRESS="New York"
    }
